<?xml version="1.0" encoding="UTF-8"?><collection xmlns="http://www.loc.gov/MARC21/slim"><record><leader>00546nam--2200181-i-4500</leader><controlfield tag="001">000034220</controlfield><controlfield tag="002">20161230</controlfield><controlfield tag="005">20161230201039</controlfield><controlfield tag="008">060222s1000------------r-----000-0-eng-d</controlfield><datafield ind1=" " ind2=" " tag="040"><subfield code="a">IFIN-HH</subfield></datafield><datafield ind1=" " ind2=" " tag="080"><subfield code="a">537.312.62(075.8)</subfield></datafield><datafield ind1="1" ind2=" " tag="100"><subfield code="a">Taylor, A.W.B</subfield></datafield><datafield ind1="1" ind2="0" tag="245"><subfield code="a">The wykeham science series. vol. 11. superconductivity</subfield><subfield code="c">A.w.b. taylor</subfield></datafield><datafield ind1=" " ind2=" " tag="260"><subfield code="a">London</subfield><subfield code="b">Wykeham Publishing (London) Ltd</subfield><subfield code="c">1970</subfield></datafield><datafield ind1=" " ind2=" " tag="300"><subfield code="a">XII+95P</subfield></datafield><datafield ind1=" " ind2=" " tag="490"><subfield code="a">The Wykeham Science Series For Students And Universities</subfield></datafield><datafield ind1=" " ind2=" " tag="852"><subfield code="a">32608</subfield><subfield code="c">53</subfield></datafield><datafield ind1=" " ind2=" " tag="CAT"><subfield code="a">Sys</subfield><subfield code="c">20150223</subfield><subfield code="h">120158</subfield></datafield></record></collection>